@article{wang2023scientific,
  title={Scientific discovery in the age of artificial intelligence},
  author={Wang, Hanchen and Fu, Tianfan and Du, Yuanqi and Gao, Wenhao and Huang, Kexin and Liu, Ziming and Chandak, Payal and Liu, Shengchao and Van Katwyk, Peter and Deac, Andreea and others},
  journal={Nature},
  volume={620},
  number={7972},
  pages={47--60},
  year={2023},
  publisher={Nature Publishing Group UK London}
}
@article{boiko2023autonomous,
  title={Autonomous chemical research with large language models},
  author={Boiko, Daniil A and MacKnight, Robert and Kline, Ben and Gomes, Gabe},
  journal={Nature},
  volume={624},
  number={7992},
  pages={570--578},
  year={2023},
  publisher={Nature Publishing Group UK London}
}
@article{vamathevan2019applications,
  title={Applications of machine learning in drug discovery and development},
  author={Vamathevan, Jessica and Clark, Dominic and Czodrowski, Paul and Dunham, Ian and Ferran, Edgardo and Lee, George and Li, Bin and Madabhushi, Anant and Shah, Parantu and Spitzer, Michaela and others},
  journal={Nature reviews Drug discovery},
  volume={18},
  number={6},
  pages={463--477},
  year={2019},
  publisher={Nature Publishing Group UK London}
}
@article{jordan2015machine,
  title={Machine learning: Trends, perspectives, and prospects},
  author={Jordan, Michael I and Mitchell, Tom M},
  journal={Science},
  volume={349},
  number={6245},
  pages={255--260},
  year={2015},
  publisher={American Association for the Advancement of Science}
}
@article{bifarin2021machine,
  title={Machine learning-enabled renal cell carcinoma status prediction using multiplatform urine-based metabolomics},
  author={Bifarin, Olatomiwa O and Gaul, David A and Sah, Samyukta and Arnold, Rebecca S and Ogan, Kenneth and Master, Viraj A and Roberts, David L and Bergquist, Sharon H and Petros, John A and Fernandez, Facundo M and others},
  journal={Journal of proteome research},
  volume={20},
  number={7},
  pages={3629--3641},
  year={2021},
  publisher={ACS Publications}
}

